<?xml version="1.0" encoding="UTF-8"?><collection xmlns="http://www.loc.gov/MARC21/slim"><record><leader>00501nam--2200157-i-4500</leader><controlfield tag="001">000032818</controlfield><controlfield tag="002">20161230</controlfield><controlfield tag="005">20161230201039</controlfield><controlfield tag="008">060222s1000------------r-----000-0-eng-d</controlfield><datafield ind1=" " ind2=" " tag="080"><subfield code="a">517.948(043)</subfield></datafield><datafield ind1=" " ind2=" " tag="100"><subfield code="a">Midura, S</subfield></datafield><datafield ind1=" " ind2=" " tag="245"><subfield code="a">Sur la determination de certains sous-groupes du groupe ls a l`aide d`equations fonctionelles</subfield></datafield><datafield ind1=" " ind2=" " tag="260"><subfield code="a">Warszawa, Panstowowe Wydawnictwo Naukowe, 1973. 38p</subfield></datafield><datafield ind1=" " ind2=" " tag="490"><subfield code="a">Dissertatiiones Math.Rozprawy Math</subfield><subfield code="v">Vol. CV</subfield></datafield><datafield ind1=" " ind2=" " tag="852"><subfield code="a">7385</subfield></datafield><datafield ind1=" " ind2=" " tag="CAT"><subfield code="a">Sys</subfield><subfield code="c">20080327</subfield><subfield code="h">101932</subfield></datafield></record></collection>